@article{ref1,
  title={Industrial automation using Internet of Things (IOT)},
  author={Deshpande, Ashwini and Pitale, Prajakta and Sanap, Sangita},
  journal={International Journal of Advanced Research in Computer Engineering \& Technology (IJARCET)},
  volume={5},
  number={2},
  pages={266--269},
  year={2016}
}

@INPROCEEDINGS{ref2,  author={Araby, Alaa Adel and Abd Elhameed, Mai Mohamed and Magdy, Nada Mohamed and Said, Loa'a Ahmed and Abdelaal, Nada and Abd Allah, Yomna Tarek and Darweesh, M. Saeed and Fahim, Mohamed Ali and Mostafa, Hassan},  booktitle={2019 8th International Conference on Modern Circuits and Systems Technologies (MOCAST)},   title={Smart IoT Monitoring System for Agriculture with Predictive Analysis},   year={2019},  volume={},  number={},  pages={1-4},  doi={10.1109/MOCAST.2019.8741794}}

@article{ref3,
  title={How blockchain will defend IoT},
  author={Malviya, Hitesh},
  journal={Available at SSRN 2883711},
  year={2016}
}

@article{ref4,
  title={The Internet of Things (IoT): Applications, investments, and challenges for enterprises},
  author={Lee, In and Lee, Kyoochun},
  journal={Business Horizons},
  volume={58},
  number={4},
  pages={431--440},
  year={2015},
  publisher={Elsevier}
}

@article{ref5,
  title={IoT security: Review, blockchain solutions, and open challenges},
  author={Khan, Minhaj Ahmad and Salah, Khaled},
  journal={Future generation computer systems},
  volume={82},
  pages={395--411},
  year={2018},
  publisher={Elsevier}
}

@article{ref6,
  title={IoT and blockchain convergence: benefits and challenges},
  author={Banafa, Ahmed},
  journal={IEEE Internet of Things},
  year={2017},
  publisher={Piscataway, NJ, USA}
}

@article{ref7,
  title={On blockchain and its integration with IoT. Challenges and opportunities},
  author={Reyna, Ana and Mart{\'\i}n, Cristian and Chen, Jaime and Soler, Enrique and D{\'\i}az, Manuel},
  journal={Future generation computer systems},
  volume={88},
  pages={173--190},
  year={2018},
  publisher={Elsevier}
}

@article{ref8,
  title={A secure communicating things network framework for industrial IoT using blockchain technology},
  author={Rathee, Geetanjali and Sharma, Ashutosh and Kumar, Rajiv and Iqbal, Razi},
  journal={Ad Hoc Networks},
  volume={94},
  pages={101933},
  year={2019},
  publisher={Elsevier}
}

@ARTICLE{ref9,
  author={Christidis, Konstantinos and Devetsikiotis, Michael},
  journal={IEEE Access}, 
  title={Blockchains and Smart Contracts for the Internet of Things}, 
  year={2016},
  volume={4},
  number={},
  pages={2292-2303},
  doi={10.1109/ACCESS.2016.2566339}}
}

@article{ref10,
  title={Special issue on security and privacy of IoT},
  author={Wang, Hua and Zhang, Zonghua and Taleb, Tarek},
  journal={World Wide Web},
  volume={21},
  number={1},
  pages={1--6},
  year={2018},
  publisher={Springer}
}

@article{ref11,
  title={Prevention of DDoS attacks with Blockchain technology},
  author={Kumar, Sawan and Paulsen, Jens Hermann},
  journal={Deloitte, UK},
  pages={1--3},
  year={2017}
}

@article{ref12,
  title={Device democracy: Saving the future of the Internet of Things IBM},
  author={Brody, Paul and Pureswaran, Veena},
  journal={Internet]. Available: https://public. dhe. ibm. com/common/ssi/ecm/gb/en/gbe036 20usen/GBE03620USEN. PDF},
  year={2014}
}

@article{ref13,
  title={Decentralizing IoT networks through blockchain},
  author={Dickson, Ben},
  journal={TechCrunch, TechCrunch},
  year={2016}
}

@article{ref14,
  title={The Internet of Things (IoT): Applications, investments, and challenges for enterprises},
  author={Lee, In and Lee, Kyoochun},
  journal={Business Horizons},
  volume={58},
  number={4},
  pages={431--440},
  year={2015},
  publisher={Elsevier}
}

@article{polka,
  title={Overview of polkadot and its design considerations},
  author={Burdges, Jeff and Cevallos, Alfonso and Czaban, Peter and Habermeier, Rob and Hosseini, Syed and Lama, Fabio and Alper, Handan Kilin{\c{c}} and Luo, Ximin and Shirazi, Fatemeh and Stewart, Alistair and others},
  journal={arXiv preprint arXiv:2005.13456},
  year={2020}
}

@INPROCEEDINGS{where,
  author={Samaniego, Mayra and Jamsrandorj, Uurtsaikh and Deters, Ralph},
  booktitle={2016 IEEE International Conference on Internet of Things (iThings) and IEEE Green Computing and Communications (GreenCom) and IEEE Cyber, Physical and Social Computing (CPSCom) and IEEE Smart Data (SmartData)}, 
  title={Blockchain as a Service for IoT}, 
  year={2016},
  volume={},
  number={},
  pages={433-436},
  doi={10.1109/iThings-GreenCom-CPSCom-SmartData.2016.102}}